<?xml version="1.0" encoding="UTF-8"?><collection xmlns="http://www.loc.gov/MARC21/slim"><record><leader>00411nam--2200169-u-4500</leader><controlfield tag="001">000050981</controlfield><controlfield tag="002">20161230</controlfield><controlfield tag="005">20170208132905</controlfield><controlfield tag="008">080506s1000------------r-----000-0-eng-d</controlfield><datafield ind1=" " ind2=" " tag="040"><subfield code="a">IFIN-HH</subfield></datafield><datafield ind1=" " ind2=" " tag="080"><subfield code="a">511.214</subfield></datafield><datafield ind1="1" ind2=" " tag="100"><subfield code="a">Venkova, A. B</subfield><subfield code="e">Red</subfield></datafield><datafield ind1="1" ind2="0" tag="245"><subfield code="a">Avtomorfnye Funktsii i Teoriya Chisel</subfield></datafield><datafield ind1=" " ind2=" " tag="260"><subfield code="a">Leningrad</subfield><subfield code="b">Nauka</subfield><subfield code="c">1984</subfield></datafield><datafield ind1=" " ind2=" " tag="490"><subfield code="v">II</subfield></datafield><datafield ind1=" " ind2=" " tag="852"><subfield code="a">71694</subfield><subfield code="c">511.2</subfield></datafield><datafield ind1=" " ind2=" " tag="CAT"><subfield code="a">SYS</subfield><subfield code="c">20170208</subfield><subfield code="h">132905</subfield></datafield></record></collection>